@article{novotny2022vysokourovnove,
  title = {Vysokoúrovňové jazyky pro \TeX},
  author = {Vít Novotný},
  journal = {Zpravodaj \CSTUG u},
  issn = {1211-6661},
  year = {2022},
  volume = {32},
  number = {1--4},
  doi = {10.5300/2022-1-4/35},
  pages = {35-48},
}

@article{starynovotny2023napadovnik,
  title = {Nápadovník jmen pro tvůrčí psaní v Lua\TeX u},
  author = {Starý Novotný, Vít},
  journal = {Zpravodaj \CSTUG u},
  issn = {1211-6661},
  year = {2023},
  volume = {33},
  number = {1--2},
  doi = {10.5300/2023-1-2/3},
  pages = {3-38},
}

@online{hroudova2015kdyz,
  title = {Když jsem já sloužil},
  author = {Eva Hroudová},
  publisher = {ProMaminky.cz},
  date = {2015-06-20},
  url = {https://www.promaminky.cz/pisnicky/lidove-36/kdyz-jsem-ja-slouzil-287},
  urldate = {2023-08-13},
}

@online{starynovotny2023sazba,
  title = {Sazba textu české lidové písně „Když jsem já sloužil“ pomocí modulu \textsf{l3seq} jazyka expl3},
  subtitle = {Release The latest version},
  date = {2023-09-10},
  author = {Starý Novotný, Vít},
  publisher = {GitHub},
  url = {https://github.com/Witiko/typesetting-czech-folksong-with-l3seq/releases/tag/latest},
  urldate = {2023-09-10},
}

@online{olsak2023optex,
  title = {Op\TeX},
  subtitle = {Format Based on Plain \TeX{} and OPmac},
  author = {Petr Olšák},
  publisher = {CTAN},
  date = {2023-05-25},
  url = {http://mirrors.ctan.org/macros/optex/doc/optex-doc.pdf},
  urldate = {2023-09-18},
  note = {Verze 1.12},
}